<record><leader>00000cas a22000007a 4500</leader><controlfield tag="001">11162147</controlfield><controlfield tag="008">840917d18701879iauwr ne      0    0eng d</controlfield><datafield ind1=" " ind2=" " tag="010"><subfield code="a">sn 84038077 </subfield></datafield><datafield ind1=" " ind2=" " tag="040"><subfield code="a">NPX</subfield><subfield code="b">eng</subfield><subfield code="c">NPX</subfield><subfield code="d">INP</subfield><subfield code="d">MGN</subfield><subfield code="d">OCLCQ</subfield></datafield><datafield ind1=" " ind2=" " tag="042"><subfield code="a">msc</subfield></datafield><datafield ind1="0" ind2="0" tag="245"><subfield code="a">Clear Lake observer.</subfield></datafield><datafield ind1=" " ind2=" " tag="260"><subfield code="a">Clear Lake, Iowa :</subfield><subfield code="b">A.J. Brady</subfield></datafield><datafield ind1=" " ind2=" " tag="300"><subfield code="a">v.</subfield></datafield><datafield ind1=" " ind2=" " tag="310"><subfield code="a">Weekly</subfield></datafield><datafield ind1="1" ind2=" " tag="362"><subfield code="a">Began in Apr. 1870; ceased in 1879. Cf. Bibl. of Iowa newspapers.</subfield></datafield><datafield ind1=" " ind2=" " tag="500"><subfield code="a">Editor: George E. Frost, &lt;1876&gt;.</subfield></datafield><datafield ind1=" " ind2=" " tag="500"><subfield code="a">Publisher: George E. Frost, &lt;Aug. 30, 1876-&gt;.</subfield></datafield><datafield ind1=" " ind2=" " tag="588"><subfield code="a">Description based on: Vol. 5, no. 22 (Aug. 8, 1874).</subfield></datafield><datafield ind1=" " ind2=" " tag="752"><subfield code="a">United States</subfield><subfield code="b">Iowa</subfield><subfield code="c">Cerro Gordo</subfield><subfield code="d">Clear Lake.</subfield></datafield><datafield ind1="0" ind2="0" tag="785"><subfield code="t">Clear Lake mirror</subfield><subfield code="w">(DLC)sn 87057805</subfield></datafield></record>